<record><leader>00000cas a22000007a 4500</leader><controlfield tag="001">28464207</controlfield><controlfield tag="008">930716c19759999caudr nea     0    0eng c</controlfield><datafield ind1=" " ind2=" " tag="010"><subfield code="a">sn 93051577 </subfield></datafield><datafield ind1=" " ind2=" " tag="040"><subfield code="a">CUY</subfield><subfield code="b">eng</subfield><subfield code="c">CNK</subfield><subfield code="d">OCLCQ</subfield><subfield code="d">DLC</subfield><subfield code="d">OCLCQ</subfield><subfield code="d">OCLCF</subfield></datafield><datafield ind1="1" ind2=" " tag="029"><subfield code="a">NZ1</subfield><subfield code="b">1174754</subfield></datafield><datafield ind1="1" ind2=" " tag="029"><subfield code="a">AU@</subfield><subfield code="b">000025895261</subfield></datafield><datafield ind1="1" ind2=" " tag="029"><subfield code="a">NZ1</subfield><subfield code="b">14307126</subfield></datafield><datafield ind1=" " ind2=" " tag="042"><subfield code="a">pcc</subfield></datafield><datafield ind1=" " ind2=" " tag="043"><subfield code="a">n-us-ca</subfield></datafield><datafield ind1="0" ind2="0" tag="050"><subfield code="a">Newspaper</subfield></datafield><datafield ind1="0" ind2="4" tag="245"><subfield code="a">The Modesto bee.</subfield></datafield><datafield ind1=" " ind2=" " tag="260"><subfield code="a">Modesto, Calif. :</subfield><subfield code="b">McClatchy Newspapers,</subfield><subfield code="c">1975-</subfield></datafield><datafield ind1=" " ind2=" " tag="300"><subfield code="a">v.</subfield></datafield><datafield ind1=" " ind2=" " tag="310"><subfield code="a">Daily</subfield></datafield><datafield ind1="0" ind2=" " tag="362"><subfield code="a">Vol. 98, no. 250 (Oct. 19, 1975)-</subfield></datafield><datafield ind1=" " ind2=" " tag="530"><subfield code="a">Also issued on the internet, called: Modesto Bee Online.</subfield></datafield><datafield ind1=" " ind2=" " tag="588"><subfield code="a">Latest issue consulted: Vol. 131, no. 162 (June 10, 2008).</subfield></datafield><datafield ind1=" " ind2=" " tag="533"><subfield code="a">Microfilm.</subfield><subfield code="b">Ann Arbor, Mich.</subfield><subfield code="c">ProQuest,</subfield><subfield code="e">microfilm reels ; 35 mm.</subfield></datafield><datafield ind1=" " ind2="0" tag="651"><subfield code="a">Modesto (Calif.)</subfield><subfield code="v">Newspapers.</subfield></datafield><datafield ind1=" " ind2="7" tag="655"><subfield code="a">Newspapers.</subfield><subfield code="2">fast</subfield><subfield code="0">(OCoLC)fst01423814</subfield></datafield><datafield ind1=" " ind2="7" tag="651"><subfield code="a">California</subfield><subfield code="z">Modesto.</subfield><subfield code="2">fast</subfield><subfield code="0">(OCoLC)fst01207077</subfield></datafield><datafield ind1="0" ind2=" " tag="740"><subfield code="a">Modesto bee online.</subfield></datafield><datafield ind1=" " ind2=" " tag="752"><subfield code="a">United States</subfield><subfield code="b">California</subfield><subfield code="c">Stanislaus</subfield><subfield code="d">Modesto.</subfield></datafield><datafield ind1="0" ind2="0" tag="780"><subfield code="t">Modesto bee and news-herald</subfield><subfield code="w">(DLC)sn 93051576</subfield></datafield><datafield ind1="4" ind2="1" tag="856"><subfield code="z">Online version:</subfield><subfield code="u">http://www.modbee.com/</subfield></datafield></record>